@online{SQLMagazine,
  author = {DevMediaGroup},
  title = {Manutenção de Software: Definições e Dificuldades},
  year = 2017,
  url = {https://www.devmedia.com.br/manutencao-de-software-definicoes-e-dificuldades-artigo-revista-sql-magazine-86/20402},
  urldate = {2017-11-30}
}

@book{pfleeger2004engenharia,
	title={Engenharia de software: teoria e pr{\'a}tica},
	author={Pfleeger, Shari Lawrence},
	year={2004},
	publisher={Prentice Hall}
}

@online{Art73,
	author = {CongressoNacional},
	title = {Art. 73 da Constituição Federal de 88},
	year = 1988,
	url = {https://www.jusbrasil.com.br/topicos/10630539/artigo-73-da-constituicao-federal-de-1988},
	urldate = {2017-11-30}
}

@online{TCUHistoria,
	author = {TCU},
	title = {História do TCU - Linha do Tempo},
	year = 2017,
	url = {http://portal.tcu.gov.br/institucional/conheca-o-tcu/historia/historia-do-tcu.htm},
	urldate = {2017-11-30}
}

@online{TCUHistoriaJUS,
	author = {Luiz Eduardo Oliveira ALejarra},
	title = {A criação do Tribunal de Contas na história constitucional brasileira},
	year = 2014,
	url = {https://jus.com.br/artigos/27898/a-criacao-do-tribunal-de-contas-na-historia-constitucional-brasileira},
	urldate = {2017-11-30}
}
